<record><leader>00000cas a22000007a 4500</leader><controlfield tag="001">18114194</controlfield><controlfield tag="008">880621d18321832ohuwr ne      0    0eng d</controlfield><datafield ind1=" " ind2=" " tag="010"><subfield code="a">sn 88077561 </subfield></datafield><datafield ind1=" " ind2=" " tag="040"><subfield code="a">ONP</subfield><subfield code="b">eng</subfield><subfield code="c">ONP</subfield><subfield code="d">UBY</subfield><subfield code="d">OCLCQ</subfield><subfield code="d">OCLCF</subfield><subfield code="d">OCLCO</subfield></datafield><datafield ind1=" " ind2=" " tag="042"><subfield code="a">msc</subfield></datafield><datafield ind1=" " ind2=" " tag="043"><subfield code="a">n-us-oh</subfield></datafield><datafield ind1="0" ind2=" " tag="130"><subfield code="a">Marion observer (Marion, Ohio)</subfield></datafield><datafield ind1="1" ind2="0" tag="245"><subfield code="a">Marion observer.</subfield></datafield><datafield ind1=" " ind2=" " tag="260"><subfield code="a">Marion, Ohio :</subfield><subfield code="b">William Millikan,</subfield><subfield code="c">1832.</subfield></datafield><datafield ind1=" " ind2=" " tag="310"><subfield code="a">Weekly</subfield></datafield><datafield ind1="0" ind2=" " tag="362"><subfield code="a">Vol. 1, no. 1 (July 4, 1832)-v. 1, no. 16 (Nov. 17, 1832).</subfield></datafield><datafield ind1=" " ind2="0" tag="651"><subfield code="a">Marion (Ohio)</subfield><subfield code="v">Newspapers.</subfield></datafield><datafield ind1=" " ind2="0" tag="651"><subfield code="a">Marion County (Ohio)</subfield><subfield code="v">Newspapers.</subfield></datafield><datafield ind1=" " ind2="7" tag="655"><subfield code="a">Newspapers.</subfield><subfield code="2">fast</subfield><subfield code="0">(OCoLC)fst01423814</subfield></datafield><datafield ind1=" " ind2="7" tag="651"><subfield code="a">Ohio</subfield><subfield code="z">Marion.</subfield><subfield code="2">fast</subfield><subfield code="0">(OCoLC)fst01227651</subfield></datafield><datafield ind1=" " ind2="7" tag="651"><subfield code="a">Ohio</subfield><subfield code="z">Marion County.</subfield><subfield code="2">fast</subfield><subfield code="0">(OCoLC)fst01208696</subfield></datafield><datafield ind1=" " ind2=" " tag="752"><subfield code="a">United States</subfield><subfield code="b">Ohio</subfield><subfield code="c">Marion</subfield><subfield code="d">Marion.</subfield></datafield><datafield ind1="0" ind2="0" tag="785"><subfield code="t">Western galaxy (Marion, Ohio)</subfield><subfield code="w">(DLC)sn 88077562</subfield></datafield></record>